<record xmlns="http://www.loc.gov/MARC21/slim" xmlns:xsi="http://www.w3.org/2001/XMLSchema-instance" xsi:schemaLocation="http://www.loc.gov/MARC21/slim http://www.loc.gov/standards/marcxml/schema/MARC21slim.xsd"><leader>02863nam a2200457   4500</leader><controlfield tag="001">001943224</controlfield><controlfield tag="003">NNU</controlfield><controlfield tag="006">m        d        </controlfield><controlfield tag="007">cr cn |||m|||a</controlfield><controlfield tag="008">150223q19001989ua h    ob    001 0 arar</controlfield><datafield ind1=" " ind2=" " tag="040"><subfield code="a">NNU</subfield><subfield code="b">eng</subfield><subfield code="e">rda</subfield><subfield code="c">NNU</subfield></datafield><datafield ind1="0" ind2="0" tag="050"><subfield code="a">PJ6131.M35</subfield><subfield code="b">K584 1900</subfield></datafield><datafield ind1="1" ind2=" " tag="100"><subfield code="6">880-01</subfield><subfield code="a">Ibn Jinni&#772;, Abu&#772; al-Fath&#803; &#699;Uthma&#772;n,</subfield><subfield code="d">-1002.</subfield></datafield><datafield ind1="1" ind2="3" tag="245"><subfield code="6">880-02</subfield><subfield code="a">al-Muns&#803;if /</subfield><subfield code="c">sharh&#803; Abi&#772; al-Fath&#803; &#699;Uthma&#772;n ibn Jinni&#772; al-Nah&#803;wi&#772; li-Kita&#772;b al-tas&#803;ri&#772;f / li-Abi&#772; &#699;Uthma&#772;n al-Ma&#772;zini&#772; al-Nah&#803;wi&#772; al-Bas&#803;ri&#772; ; bi-tah&#803;qi&#772;q Ibra&#772;hi&#772;m Mus&#803;t&#803;afa&#769;, &#699;Abd Alla&#772;h Ami&#772;n.</subfield></datafield><datafield ind1=" " ind2=" " tag="260"><subfield code="6">880-03</subfield><subfield code="a">[Cairo], Mis&#803;r :</subfield><subfield code="b">Mus&#803;t&#803;afa&#769; al-Ba&#772;bi&#772; al-H&#803;alabi&#772;,</subfield><subfield code="c">[19--]</subfield></datafield><datafield ind1=" " ind2=" " tag="300"><subfield code="a">online resource (3 volumes) :</subfield><subfield code="b">facsimiles</subfield></datafield><datafield ind1=" " ind2=" " tag="336"><subfield code="a">text</subfield><subfield code="2">rdacontent</subfield></datafield><datafield ind1=" " ind2=" " tag="337"><subfield code="a">computer</subfield><subfield code="2">rdamedia</subfield></datafield><datafield ind1=" " ind2=" " tag="338"><subfield code="a">online resource</subfield><subfield code="2">rdacarrier</subfield></datafield><datafield ind1=" " ind2=" " tag="500"><subfield code="a">Reprint. Originally published: al-T&#803;ab&#699;ah 1. [Cairo] : Wiza&#772;rat al-Ma&#699;a&#772;rif al-&#699;Umu&#772;mi&#772;yah, Ida&#772;rat Ih&#803;ya&#772;&#700; al-Tura&#772;th al-Qadi&#772;m, Ida&#772;rat al-Thaqa&#772;fah al-&#699;A&#772;mmah, 1954-1960.</subfield></datafield><datafield ind1=" " ind2=" " tag="500"><subfield code="a">Part of the Arabic Collections Online (ACO) project, contributed by New York Univeristy Libraries.</subfield></datafield><datafield ind1=" " ind2=" " tag="504"><subfield code="a">Includes bibliographical references and indexes.</subfield></datafield><datafield ind1=" " ind2=" " tag="533"><subfield code="a">Electronic reproduction.</subfield><subfield code="b">New York, N.Y. :</subfield><subfield code="c">New York University,</subfield><subfield code="d">2015.</subfield><subfield code="5">NNU</subfield></datafield><datafield ind1="1" ind2="0" tag="600"><subfield code="6">880-04</subfield><subfield code="a">Ma&#772;zini&#772;, Bakr ibn Muh&#803;ammad,</subfield><subfield code="d">active 9th century.</subfield><subfield code="t">Kita&#772;b al-tas&#803;ri&#772;f.</subfield></datafield><datafield ind1=" " ind2="0" tag="650"><subfield code="a">Arabic language</subfield><subfield code="x">Morphology</subfield><subfield code="v">Early works to 1800.</subfield></datafield><datafield ind1="1" ind2=" " tag="700"><subfield code="6">880-05</subfield><subfield code="a">Mus&#803;t&#803;afa&#769;, Ibra&#772;hi&#772;m.</subfield></datafield><datafield ind1="1" ind2=" " tag="700"><subfield code="6">880-06</subfield><subfield code="a">Am&#299;n, &#699;Abd All&#257;h</subfield></datafield><datafield ind1="1" ind2=" " tag="700"><subfield code="6">880-07</subfield><subfield code="a">Ma&#772;zini&#772;, Bakr ibn Muh&#803;ammad,</subfield><subfield code="d">active 9th century.</subfield><subfield code="t">Kita&#772;b al-tas&#803;ri&#772;f.</subfield></datafield><datafield ind1="2" ind2=" " tag="710"><subfield code="a">New York University.</subfield><subfield code="b">Libraries.</subfield></datafield><datafield ind1="0" ind2=" " tag="730"><subfield code="a">Arabic Collections Online.</subfield></datafield><datafield ind1="0" ind2="8" tag="776"><subfield code="i">Print version:</subfield><subfield code="a">Ibn Jinni&#772;, Abu&#772; al-Fath&#803; &#699;Uthma&#772;n, -1002.</subfield><subfield code="t">al-Muns&#803;if</subfield><subfield code="w">(NNU)001943224</subfield><subfield code="w">(DLC)   87960059</subfield></datafield><datafield ind1="4" ind2="0" tag="856"><subfield code="u">http://hdl.handle.net/2333.1/qnk98vtc</subfield></datafield><datafield ind1="1" ind2=" " tag="880"><subfield code="6">100-01/</subfield><subfield code="a">&#1573;&#1576;&#1606; &#1580;&#1606;&#1610;&#1548; &#1571;&#1576;&#1608; &#1575;&#1604;&#1601;&#1578;&#1581; &#1593;&#1579;&#1605;&#1575;&#1606;&#1548;</subfield><subfield code="d">-1002.</subfield></datafield><datafield ind1="1" ind2="3" tag="880"><subfield code="6">245-02/</subfield><subfield code="a">&#1575;&#1604;&#1605;&#1606;&#1589;&#1601; /</subfield><subfield code="c">&#1588;&#1585;&#1581; &#1571;&#1576;&#1610; &#1575;&#1604;&#1601;&#1578;&#1581; &#1593;&#1579;&#1605;&#1575;&#1606; &#1576;&#1606; &#1580;&#1606;&#1610; &#1575;&#1604;&#1606;&#1581;&#1608;&#1610; &#1604;&#1603;&#1578;&#1575;&#1576; &#1575;&#1604;&#1578;&#1589;&#1585;&#1610;&#1601; / &#1604;&#1571;&#1576;&#1610; &#1593;&#1579;&#1605;&#1575;&#1606; &#1575;&#1604;&#1605;&#1575;&#1586;&#1606;&#1610; &#1575;&#1604;&#1606;&#1581;&#1608;&#1610; &#1575;&#1604;&#1576;&#1589;&#1585;&#1610; &#1563; &#1576;&#1578;&#1581;&#1602;&#1610;&#1602; &#1575;&#1576;&#1585;&#1575;&#1607;&#1610;&#1605; &#1605;&#1589;&#1591;&#1601;&#1609;&#1548; &#1593;&#1576;&#1583; &#1575;&#1604;&#1604;&#1607; &#1571;&#1605;&#1610;&#1606;.</subfield></datafield><datafield ind1=" " ind2=" " tag="880"><subfield code="6">260-03/</subfield><subfield code="a">[&#1575;&#1604;&#1602;&#1575;&#1607;&#1585;&#1577;]&#1548; &#1605;&#1589;&#1585; :</subfield><subfield code="b">&#1605;&#1589;&#1591;&#1601;&#1609; &#1575;&#1604;&#1576;&#1575;&#1576;&#1610; &#1575;&#1604;&#1581;&#1604;&#1576;&#1610;&#1548;</subfield><subfield code="c">[19--]</subfield></datafield><datafield ind1="1" ind2="4" tag="880"><subfield code="6">600-04/</subfield><subfield code="a">&#1605;&#1575;&#1586;&#1606;&#1610;&#1548; &#1576;&#1603;&#1585; &#1576;&#1606; &#1605;&#1581;&#1605;&#1583;&#1548;</subfield><subfield code="d">active 9th century.</subfield><subfield code="t">&#1603;&#1578;&#1575;&#1576; &#1575;&#1604;&#1578;&#1589;&#1585;&#1610;&#1601;.</subfield></datafield><datafield ind1="1" ind2=" " tag="880"><subfield code="6">700-05/</subfield><subfield code="a">&#1605;&#1589;&#1591;&#1601;&#1609;&#1548; &#1573;&#1576;&#1585;&#1575;&#1607;&#1610;&#1605;.</subfield></datafield><datafield ind1="1" ind2=" " tag="880"><subfield code="6">700-06/</subfield><subfield code="a">&#1571;&#1605;&#1610;&#1606;&#1548; &#1593;&#1576;&#1583; &#1575;&#1604;&#1604;&#1607;.</subfield></datafield><datafield ind1="1" ind2=" " tag="880"><subfield code="6">700-07/</subfield><subfield code="a">&#1605;&#1575;&#1586;&#1606;&#1610;&#1548; &#1576;&#1603;&#1585; &#1576;&#1606; &#1605;&#1581;&#1605;&#1583;&#1548;</subfield><subfield code="d">active 9th century.</subfield><subfield code="t">&#1603;&#1578;&#1575;&#1576; &#1575;&#1604;&#1578;&#1589;&#1585;&#1610;&#1601;.</subfield></datafield><datafield ind1=" " ind2=" " tag="959"><subfield code="a">NNU</subfield><subfield code="b">WEB</subfield><subfield code="c">GENI</subfield><subfield code="t">0</subfield><subfield code="m">Electronic access</subfield><subfield code="s">01</subfield></datafield><datafield ind1=" " ind2=" " tag="999"><subfield code="i">NNU_001943224</subfield><subfield code="s">nyu_aco000022:v.1</subfield><subfield code="s">nyu_aco000023:v.2</subfield><subfield code="s">nyu_aco000024:v.3</subfield></datafield></record>